

@article{getzen1992population,
  title={Population aging and the growth of health expenditures},
  author={Getzen, Thomas E},
  journal={Journal of gerontology},
  volume={47},
  number={3},
  pages={S98--S104},
  year={1992},
  publisher={Oxford University Press}
}
@article{cherry2007perceptions,
  title={Perceptions of job satisfaction and the regulatory environment among nurse aides and charge nurses in long-term care},
  author={Cherry, Barbara and Ashcraft, Alyce and Owen, Donna},
  journal={Geriatric Nursing},
  volume={28},
  number={3},
  pages={183--192},
  year={2007},
  publisher={Elsevier}
}
@article{chaudhry2006systematic,
  title={Systematic review: impact of health information technology on quality, efficiency, and costs of medical care},
  author={Chaudhry, Basit and Wang, Jerome and Wu, Shinyi and Maglione, Margaret and Mojica, Walter and Roth, Elizabeth and Morton, Sally C and Shekelle, Paul G},
  journal={Annals of internal medicine},
  volume={144},
  number={10},
  pages={742--752},
  year={2006},
  publisher={Am Coll Physicians}
}
@article{hanekamp2016,
  title={Administratieve taken langdurige zorg kosten jaarlijks â‚¬ 5 miljard},
  author={Hanekamp M.},
  journal={Berenschot},
  volume={1},
  year={2016},
  publisher={Elsevier},
  url= "https://www.berenschot.nl/actueel/2016/juli/administratieve-taken/"
}

